@article{sample2023,
  author = {John Doe},
  title = {An Example Article},
  journal = {Journal of Examples},
  year = {2023},
  volume = {1},
  number = {1},
  pages = {1-10},
  publisher = {Example Publisher}
}

@book{samplebook2023,
  author = {Jane Smith},
  title = {An Example Book},
  year = {2023},
  publisher = {Example Publisher},
  address = {Example City}
}

@inproceedings{sampleconference2023,
  author = {Alice Johnson},
  title = {An Example Conference Paper},
  booktitle = {Proceedings of the Example Conference},
  year = {2023},
  pages = {100-110},
  organization = {Example Organization}
}

@book{cadence2023rf,
  author    = {Cadence Blog},
  title     = {RF PCB Design Guidelines},
  year      = {2023},
  url       = {https://resources.pcb.cadence.com/blog/2023-rf-pcb-design-guidelines},
  note      = {Accessed: 2025-03-26}
}

@book{cadence2021transmission,
  author    = {Cadence Blog},
  title     = {How to Use a Transmission Line Reflection Coefficient Correctly},
  year      = {2021},
  url       = {https://resources.pcb.cadence.com/blog/2021-how-to-use-a-transmission-line-reflection-coefficient-correctly},
  note      = {Accessed: 2025-03-26}
}

@book{cadence2023sparams,
  author    = {Cadence Blog},
  title     = {S-Parameters and the Reflection Coefficient},
  year      = {2023},
  url       = {https://resources.pcb.cadence.com/view-all/2023-s-parameters-and-the-reflection-coefficient},
  note      = {Accessed: 2025-03-26}
}

@misc{eepower_impedance,
  author = {{EE Power}},
  title = {Understanding Impedance Matching},
  year = {2023},
  url = {https://eepower.com/technical-articles/understanding-impedance-matching/},
  note = {Accessed: 2025-03-29}
}

@misc{analog_impedance,
  author = {{Analog Devices}},
  title = {Impedance Matching},
  year = {2023},
  url = {https://www.analog.com/en/resources/glossary/impedance-matching.html},
  note = {Accessed: 2025-03-29}
}

@misc{allaboutcircuits_impedance,
  author = {{All About Circuits}},
  title = {Introduction to Impedance Matching Using Transmission Line Elements},
  year = {2023},
  url = {https://www.allaboutcircuits.com/technical-articles/introduction-to-impedance-matching-using-transmission-line-elements/},
  note = {Accessed: 2025-03-29}
}

@misc{cadence_impedance,
  author = {{Cadence PCB Resources}},
  title = {Impedance Matching in RF Circuits},
  year = {2023},
  url = {https://resources.pcb.cadence.com/blog/2023-impedance-matching-in-rf-circuits},
  note = {Accessed: 2025-03-29}
}
